<?xml version="1.0" encoding="UTF-8"?><record xmlns="http://www.loc.gov/MARC21/slim" xmlns:cinclude="http://apache.org/cocoon/include/1.0" xmlns:zs="http://www.loc.gov/zing/srw/">
  <leader>00965cz  a2200229n  4500</leader>
  <controlfield tag="001">n 2014061025</controlfield>
  <controlfield tag="003">DLC</controlfield>
  <controlfield tag="005">20141119184919.0</controlfield>
  <controlfield tag="008">141001n| azannaabn          |a aaa      </controlfield>
  <datafield tag="010" ind1=" " ind2=" ">
    <subfield code="a">n 2014061025</subfield>
    <subfield code="z">n  85292476 </subfield>
  </datafield>
  <datafield tag="040" ind1=" " ind2=" ">
    <subfield code="a">DLC</subfield>
    <subfield code="b">eng</subfield>
    <subfield code="e">rda</subfield>
    <subfield code="c">DLC</subfield>
    <subfield code="d">DLC</subfield>
  </datafield>
  <datafield tag="046" ind1=" " ind2=" ">
    <subfield code="f">1940</subfield>
    <subfield code="g">20090109</subfield>
  </datafield>
  <datafield tag="100" ind1="1" ind2=" ">
    <subfield code="a">Popov, A. V.</subfield>
    <subfield code="q">(Andreĭ Vladimirovich),</subfield>
    <subfield code="d">1940-2009</subfield>
  </datafield>
  <datafield tag="374" ind1=" " ind2=" ">
    <subfield code="a">Entomologists</subfield>
    <subfield code="2">lcsh</subfield>
  </datafield>
  <datafield tag="375" ind1=" " ind2=" ">
    <subfield code="a">male</subfield>
  </datafield>
  <datafield tag="377" ind1=" " ind2=" ">
    <subfield code="a">rus</subfield>
  </datafield>
  <datafield tag="400" ind1="1" ind2=" ">
    <subfield code="a">Popov, Andreĭ Vladimirovich,</subfield>
    <subfield code="d">1940-2009</subfield>
  </datafield>
  <datafield tag="400" ind1="1" ind2=" ">
    <subfield code="a">Popov, Andrej V.,</subfield>
    <subfield code="d">1940-2009</subfield>
  </datafield>
  <datafield tag="667" ind1=" " ind2=" ">
    <subfield code="a">Formerly on undifferentiated name record: n  85292476</subfield>
  </datafield>
  <datafield tag="670" ind1=" " ind2=" ">
    <subfield code="a">Akusticheskoe povedenie i slukh nasekomykh, 1985:</subfield>
    <subfield code="b">t.p. (A. V. Popov) colophon (Andreĭ Vladimirovich Popov)</subfield>
  </datafield>
  <datafield tag="670" ind1=" " ind2=" ">
    <subfield code="a">Sensory systems and communication ... c1990:</subfield>
    <subfield code="b">CIP t.p. (A.V. Popov.) CIP t.p. verso (Dr. A.V. Popov) CIP contents (Andrej V. Popov)</subfield>
  </datafield>
  <datafield tag="670" ind1=" " ind2=" ">
    <subfield code="a">Wikipedia search, Nov. 19, 2014</subfield>
    <subfield code="b">(Popov Andreĭ Vladimirovich, b. 1940 d. 2009, entomologist)</subfield>
  </datafield>
</record>